@book{Auras,
	title        = {{GNU Radio Implementierungen zur Synchronisierung von OFDM-Systemen}},
	author       = {Auras, Dominik},
	year         = 2009,
	publisher    = {Studienarbeit},
	address      = {RWTH Aachen},
	language     = {german}
}
@book{DABETH,
	title        = {{DAB, Software Receiver Implementation}},
	author       = {Mueller, Andreas},
	year         = 2008,
	publisher    = {Semester Thesis},
	address      = {ETH Zurich},
}
@misc{GNUCORBA,
	title        = {{Object Management Group}},
	url          = {http://www.omg.org/},
	key          = {OMG},
	owner        = {zivkovic},
	timestamp    = {2009.07.09}
}
@misc{GNUITPP,
	title        = {{\ITpp}}},
	url          = {http://sourceforge.net/apps/wordpress/itpp},
	key          = {ITpp},
	owner        = {zivkovic},
	timestamp    = {2009.07.17}
}
@misc{GNUR,
	title        = {{"GNU Radio"}},
	year         = {\texttt{http://gnuradio.org/trac}},
	url          = {http://gnuradio.org/trac},
	key          = {GNURadio},
	owner        = {zivkovic},
	timestamp    = {2009.07.09}
}
@string{P_OR = {O'Reilly \& Associates}}
@book{Martelli,
	title        = {{Python in a Nutshell. A Desktop Quick Reference}},
	author       = {Alex Martelli},
	year         = 2003,
	location     = {institute},
	publisher    = P_OR,
	edition      = 1,
	language     = {english}
}
@book{MCMorelli,
	title        = {{Multi-Carrier Techniques For Broadband Wireless Communications: A Signal Processing Perspectives}},
	author       = {Pun, Man-on and Morelli, Michele and Kuo, C. C. Jay},
	year         = 2007,
	publisher    = {Imperial College Press},
	address      = {London, England, UK},
	isbn         = {1860949460, 9781860949463}
}
@book{Meyers,
	title        = {{Effektiv \Cpp} programmieren}},
	author       = {Scott Meyers},
	year         = 1998,
	publisher    = P_AW,
	language     = {german}
}
@book{Meyers2,
	title        = {{Mehr Effektiv \Cpp} programmieren}},
	author       = {Scott Meyers},
	year         = 1999,
	publisher    = P_AW,
	language     = {german}
}
@string{P_AW = {Addison Wesley}}
@book{Meyers3,
	title        = {{Effective STL}},
	author       = {Scott Meyers},
	year         = 2001,
	publisher    = P_AW,
	language     = {english}
}
@book{Mitola200609,
	title        = {{Cognitive Radio Architecture: The Engineering Foundations of Radio XML}},
	author       = {Joseph III Mitola},
	year         = 2006,
	publisher    = {Wiley-Interscience},
	address      = {New York, NY USA},
	isbn         = {0471742449}
}
@book{Mowbray,
	title        = {{Inside CORBA}},
	author       = {Thomas J. Mowbray and William A. Ruh},
	year         = 1997,
	publisher    = P_AW,
	language     = {english}
}
@inproceedings{MZDARM,
	title        = {{Reconfigurable framework for adaptive OFDM transmission}},
	author       = {Zivkovic, Milan and Auras, Dominik and Mathar, Rudolf},
	year         = 2009,
	booktitle    = {WINTECH '09: Proceedings of the 4th ACM international workshop on experimental evaluation and characterization},
	location     = {Beijing, China},
	publisher    = {ACM},
	address      = {New York, NY, USA},
	pages        = {91--92},
	doi          = {http://doi.acm.org/10.1145/1614293.1614315},
	isbn         = {978-1-60558-740-0}
}
@string{P_JWAS = {John Wiley \& Sons}}
@book{Orfali,
	title        = {{Instant CORBA}},
	author       = {Robert Orfali and Dan Harkey and Jeri Edwards},
	year         = 1997,
	publisher    = P_JWAS,
	language     = {english}
}
@book{RFDSP,
	title        = {{RF and Digital Signal Processing for Software-Defined Radio: A Multi-Standard Multi-Mode Approach}},
	author       = {Rouphael, Tony J.},
	year         = 2008,
	publisher    = {Newnes},
	address      = {Newton, MA, USA},
	isbn         = {0750682108, 9780750682107}
}
@book{RFSDR,
	title        = {{RF and Digital Signal Processing for Software-Defined Radio: A Multi-Standard Multi-Mode Approach}},
	author       = {Rouphael, Tony J.},
	year         = 2008,
	publisher    = {Newnes},
	address      = {Newton, MA, USA},
	isbn         = {0750682108, 9780750682107}
}
@book{Stroustrup,
	title        = {{Die \Cpp} Programmiersprache}},
	author       = {Bjarne Stroustrup},
	year         = 2000,
	publisher    = P_AW,
	language     = {german}
}
@book{StuberOFDM,
	title        = {{Orthogonal Frequency Division Multiplexing for Wireless Communications (Signals and Communication Technology)}},
	author       = {Li, Ye and Stuber, Gordon L.},
	year         = 2006,
	publisher    = {Springer-Verlag New York, Inc.},
	address      = {Secaucus, NJ, USA},
	isbn         = {0387290958}
}
@string{P_BS = {{\Cpp} in Depth: Bjarne Stroustrup}}
@book{Sutter,
	title        = {{\Cpp} Coding Standards}},
	author       = {Herb Sutter and Andrei Alexandrescu},
	year         = 2007,
	month        = {July},
	publisher    = P_AW,
	address      = {Boston, Massachusetts, USA},
	isbn         = {0-321-11358-6},
	edition      = 5,
	language     = {english}
}
@book{WiComGoldsmith,
	title        = {{Wireless Communications}},
	author       = {Goldsmith, Andrea},
	year         = 2005,
	publisher    = {Cambridge University Press},
	address      = {New York, NY, USA},
	isbn         = {0521837162}
}
@book{WiMAXLTE,
	title        = {{Mobile Broadband - Including WiMAX and LTE}},
	author       = {Ergen, Mustafa},
	year         = 2009,
	publisher    = {Springer},
	isbn         = {0387681892, 9780387681894}
}
@inproceedings{WiNTECH,
	title        = {{Reconfigurable framework for adaptive OFDM transmission}},
	author       = {Zivkovic, Milan and Auras, Dominik and Mathar, Rudolf},
	year         = 2009,
	booktitle    = {WINTECH '09: Proceedings of the 4th ACM international workshop on Experimental evaluation and characterization},
	location     = {Beijing, China},
	publisher    = {ACM},
	address      = {New York, NY, USA},
	pages        = {91--92},
	doi          = {http://doi.acm.org/10.1145/1614293.1614315},
	isbn         = {978-1-60558-740-0}
}
@misc{ enwiki:1210657347,
    author = "{Wikipedia contributors}",
    title = "IEEE 802.11 --- {Wikipedia}{,} The Free Encyclopedia",
    year = "2024",
    howpublished = "\url{https://en.wikipedia.org/w/index.php?title=IEEE_802.11&oldid=1210657347}",
    note = "[Online; accessed 2-March-2024]"
  }

@book{arslan2020flexible,
  title={Flexible and cognitive radio access technologies for 5G and beyond},
  author={Arslan, H{\"u}seyin and Ba{\c{s}}ar, Ertu{\u{g}}rul},
  year={2020},
  publisher={Institution of Engineering and Technology}
}

@ARTICLE{650240,
  author={Schmidl, T.M. and Cox, D.C.},
  journal={IEEE Transactions on Communications}, 
  title={Robust frequency and timing synchronization for OFDM}, 
  year={1997},
  volume={45},
  number={12},
  pages={1613-1621},
  keywords={Robustness;Timing;Frequency synchronization;OFDM;Frequency estimation;Frequency division multiplexing;Wireless LAN;Sampling methods;Frequency domain analysis;Signal detection},
  doi={10.1109/26.650240}}


@incollection{milosevic2021key,
  title={Key microwave and millimeter wave technologies for 5G radio},
  author={Milosevic, Vojislav and Jokanovic, Branka and Boric-Lubecke, Olga and Lubecke, Victor M},
  booktitle={Research Anthology on Developing and Optimizing 5G Networks and the Impact on Society},
  pages={770--798},
  year={2021},
  publisher={IGI global}
}